@misc{wargames,
    author = "{OverTheWire}",
    title = "Wargames",
    url = "https://overthewire.org/wargames/",
}

@misc{terminus,
    author = "{Michele Pratusevich}",
    title = "Terminus",
    url = "http://www.mprat.org/Terminus/",
}

@misc{vimadvent,
    author = "{Doron Linder}",
    title = "VIM Adventures",
    url = "https://vim-adventures.com/",
}

@misc{clmystery,
    author = "{Noah Veltman}",
    title = "clmystery",
    url = "https://github.com/veltman/clmystery",
}

@misc{lua,
    title = "Lua",
    url = "https://www.lua.org/manual/5.1/",
}

@misc{opengl,
    title = "OpenGL",
    url = "https://www.opengl.org/",
}

@misc{sdl,
    title = "SDL2",
    url = "https://www.libsdl.org/",
}


@misc{github,
    title = "Github mirror",
    url = "https://github.com/naman-dixit/cs699-course-project",
}


@misc{wiki:wms,
    author = "{Wikipedia contributors}",
    title = "Workflow management system --- {Wikipedia}{,} The Free Encyclopedia",
    year = "2019",
    url = "https://en.wikipedia.org/w/index.php?title=Workflow\_management\_system\&oldid=921540091",
    note = "[Online; accessed 25-October-2019]"
}

